@misc{Nagy2017AVoltages,
    title = {{A model based DC analysis of SiPM breakdown voltages}},
    year = {2017},
    booktitle = {Nuclear Instruments and Methods in Physics Research, Section A: Accelerators, Spectrometers, Detectors and Associated Equipment},
    author = {Nagy, Ferenc and Hegyesi, Gyula and Kalinka, Gábor and Moln{\'{a}}r, József},
    month = {3},
    pages = {55--59},
    volume = {849},
    publisher = {Elsevier B.V.},
    doi = {10.1016/j.nima.2017.01.002},
    issn = {01689002},
    keywords = {Avalanche turn-off, Avalanche turn-on, Breakdown voltage, I-V curve model, SiPM}
}

@article{Girard2018CharacterisationDistributions,
    title = {{Characterisation of silicon photomultipliers based on statistical analysis of pulse-shape and time distributions}},
    year = {2018},
    author = {Girard, Olivier and Haefeli, Guido and Kuonen, Axel and Pescatore, Luca and Schneider, Olivier and Stramaglia, Maria Elena},
    month = {8},
    url = {http://arxiv.org/abs/1808.05775},
    arxivId = {1808.05775}
}

@techreport{GaruttiCharacterizationPhoto-Multipliers,
    title = {{Characterization of X-ray Damage of Silicon Photo-Multipliers}},
    author = {Garutti, E and Hellweg, W.-L and Klanner, R and Ramilli, M and Xu, C and Monday, June}
}

@techreport{TripplDevelopmentLHCb,
    title = {{Development of microlens-enhanced SiPMs for a radiation-hard scintillating fibre tracker at LHCb}},
    author = {Trippl, Carina}
}

@misc{DiodeCurve,
    title = {{Diode IV curve}},
    url = {https://upload.wikimedia.org/wikipedia/commons/thumb/a/a5/Diode-IV-Curve.svg/500px-Diode-IV-Curve.svg.png}
}

@misc{FBKKessler,
    title = {{FBK | Fondazione Bruno Kessler}},
    url = {https://www.fbk.eu/en/}
}

@misc{File:Lhcbview.jpgCommons,
    title = {{File:Lhcbview.jpg - Wikimedia Commons}},
    url = {https://commons.wikimedia.org/wiki/File:Lhcbview.jpg}
}

@misc{HomePhotonics,
    title = {{Home | Hamamatsu Photonics}},
    url = {https://www.hamamatsu.com/jp/en.html}
}

@misc{HamamatsuPhotonicsHowPhotonics,
    title = {{How does temperature affect the gain of an SiPM? | Hamamatsu Photonics}},
    author = {{Hamamatsu Photonics}},
    url = {https://hub.hamamatsu.com/us/en/technical-notes/mppc-sipms/how-does-temperature-affect-the-gain-of-an-SiPM.html}
}

@article{Onsemi2021IntroductionMultipliers,
    title = {{Introduction to Silicon Photo Multipliers}},
    year = {2021},
    author = {{Onsemi}},
    month = {7}
}

@techreport{FirstSensor2019IntroductionSiPMs,
    title = {{Introduction to silicon photomultipliers (SiPMs)}},
    year = {2019},
    author = {{First Sensor}},
    url = {www.first-sensor.com}
}

@techreport{Tracker2014LHCbReport,
    title = {{LHCb Tracker Technical Design Report}},
    year = {2014},
    author = {Tracker, Upstream and Tracker, Scifi}
}

@article{ClaudioPiemonte2013PerformanceApplication,
    title = {{Performance of FBK SiPMs coupled to PETA3 read-out ASIC for PET application}},
    year = {2013},
    journal = {In Nuclear Instruments and Methods in Physics Research Section A: Accelerators, Spectrometers, Detectors and Associated Equipment},
    author = {{Claudio Piemonte} and {Alberto Gola} and {Alessandro Tarolli} and {Peter Fisher} and {Michael Ritzert} and {Volkmar Schulz} and {Torsten Solf}},
    volume = {volume 718}
}

@article{StefanoMerzi2023PrivateCommunication,
    title = {{Private communication }},
    year = {2023},
    author = {{Stefano Merzi}}
}

@article{KirnSciFi-ALHCb,
    title = {{SciFi-A large scintillating fibre tracker for LHCb}},
    author = {Kirn, Thomas},
    url = {http://dx.doi.org/10.1016/j.nima.2016.06.057},
    doi = {10.1016/j.nima.2016.06.057},
    keywords = {Cb, Scintillating fibre, SiPM LH, Silicon photomultiplier, Tracker}
}

@article{KirnSciFi-ALHCbb,
    title = {{SciFi-A large scintillating fibre tracker for LHCb}},
    author = {Kirn, Thomas},
    url = {http://dx.doi.org/10.1016/j.nima.2016.06.057},
    doi = {10.1016/j.nima.2016.06.057},
    keywords = {Cb, Scintillating fibre, SiPM LH, Silicon photomultiplier, Tracker}
}

@techreport{NiggliLoisSECTIONIrradiation,
    title = {{SECTION DE PHYSIQUE-INTERNSHIP SUBJECT FORM Company name and city: Fondazione Bruno Kessler, trento (Italy) Project title: Characterization of SiPMs fabricated at FBK before and after irradiation}},
    author = {{Niggli Lo{\"{i}}s}},
    url = {http://sph.epfl.ch/}
}

@techreport{Paternoster2019SiliconPerspectives,
    title = {{Silicon Photomultipliers Technology at Fondazione Bruno Kessler and 3D Integration Perspectives}},
    year = {2019},
    author = {Paternoster, G and Ferrario, L and Acerbi, F and Gola, A and Bellutti, P and Kessler, Fondazione Bruno}
}

@techreport{SurfaceArray,
    title = {{Surface mount type one-dimensional 128-element MPPC array MPPC {\textregistered} (Multi-Pixel Photon Counter) array}},
    url = {www.hamamatsu.com}
}

@misc{TheCERN,
    title = {{The Large Hadron Collider | CERN}},
    url = {https://home.cern/science/accelerators/large-hadron-collider}
}

@misc{TheEPFL,
    title = {{The SciFi Tracker ‒ LPHE ‐ EPFL}},
    url = {https://www.epfl.ch/labs/lphe/en/lhcb/the-scifi-tracker/}
}

@misc{Gundacker2020TheDetector,
    title = {{The silicon photomultiplier: Fundamentals and applications of a modern solid-state photon detector}},
    year = {2020},
    booktitle = {Physics in Medicine and Biology},
    author = {Gundacker, Stefan and Heering, Arjan},
    number = {17},
    month = {9},
    volume = {65},
    publisher = {Institute of Physics Publishing},
    doi = {10.1088/1361-6560/ab7b2d},
    issn = {13616560},
    keywords = {Geiger mode avalanche, HEP, SPAD, SiPM, TOF-PET, solid state photon detector, timing}
}

@techreport{AcerbiTimeTechniques,
    title = {{Time resolution of the new SiPM technologies: performance and measurements techniques}},
    author = {Acerbi, Fabio and Ferri, A and Gola, A and Zappala, G and Piemonte, C and Zorzi, N and Paternoster, G},
    url = {http://iris.fbk.eu/silicon-photomultipliershttp://srs.fbk.eu}
}

@techreport{AcerbiTimeTechniquesb,
    title = {{Time resolution of the new SiPM technologies: performance and measurements techniques}},
    author = {Acerbi, Fabio and Ferri, A and Gola, A and Zappala, G and Piemonte, C and Zorzi, N and Paternoster, G},
    url = {http://iris.fbk.eu/silicon-photomultipliershttp://srs.fbk.eu}
}

@techreport{G.HaefeliVariousPhotodetectors,
    title = {{Various types of photodetectors}},
    author = {{G. Haefeli}},
    institution = {LPHE, EPFL}
}